@online{site:agile-manifesto,
  title = {Manifesto Agile},
  url   = {http://agilemanifesto.org/iso/it/}
}

@online{site:ing-software,
  title = {Corso Ingegneria del Software},
  url   = {http://www.math.unipd.it/~tullio/IS-1/2015/}
}

@online{site:martin-flower,
  title = {Refactoring},
  url   = {http://martinfowler.com/books/refactoring.html}
}
